\Sort{
  Mode{on}
  Collation{mixed}
  SortTypeOrder{pattern,key,name}
  NameOrder{ascending}
  Key{{author,editor},\year{year,note}}
  KeyOrder{descending,nulls first}
  Pattern{author+editor: "Schubert"}
  PatternOrder{first}
}
%%% ABBREVIATIONS
@string{TAC = "IEEE Trans. Aut. Control"}
@string{IJC = "Int. J. Control"}
@string{SICON = "SIAM J. Control Opt."}
@string{SIAMJC = "SIAM J. Cont."}
@string{SISSC = "SIAM J. Sci. Statist. Comput."}
@string{SISC = "SIAM J. Sci. Comput."}
@string{SIMAX = "SIAM J. Matrix Anal. Appl."}
@string{SINUM = "SIAM J. Numer. Anal."}
@string{SIREV = "SIAM Review"}
@string{LAA = "Lin. Alg. Appl."}
@string{MCSS = "Math. of Control, Signals, and Systems"}
@string{MP = "Med. Phys."}
@string{SCL = "Sys. Control Lett."}
@string{IEEECAS = "IEEE Trans. Circ. Syst."}
@string{IEEEIT = "IEEE Trans. Info. Theory"}
@string{IEEENS = "IEEE Trans. Nucl. Sci."} %IEEE Transactions on Nuclear Science
@string{ProcIEEE = "Proc. IEEE"}
@string{ProcCDC = "Proc. IEEE Conf. Decis. Control"}
@string{ProcACC = "Proc. Amer. Contr. Conf."}
@string{TOMS = "ACM Trans. Math. Software"}

%%%%%%%%%%%%%%%%%%%%%%%%%%%%%%%%%%%%%%%%%%%%%%%%%%%%%%%%%%%%%%%%%%%%%%%%%%%%%%%%%%%%%%%%%%%%%%%%%%%%%%%%%%%%%%%%%%%%%%%%%%%%%%%%%%%%%%%%%%%%
% Proton beam theory
%%%%%%%%%%%%%%%%%%%%%%%%%%%%%%%%%%%%%%%%%%%%%%%%%%%%%%%%%%%%%%%%%%%%%%%%%%%%%%%%%%%%%%%%%%%%%%%%%%%%%%%%%%%%%%%%%%%%%%%%%%%%%%%%%%%%%%%%%%%%


@article{ordonez2017real,
  title={A Real-time Image Reconstruction System for Particle Treatment Planning Using Proton Computed Tomography (pCT)},
  author={Ordo{\~n}ez, Caesar E and Karonis, Nicholas and Duffin, Kirk and Coutrakon, George and Schulte, Reinhard and Johnson, Robert and Pankuch, Mark},
  journal={Physics Procedia},
  volume={90},
  pages={193--199},
  year={2017},
  publisher={Elsevier}
}
